@online{One,
    Author = {{STMicroelectronics}},
    Title = {STM32 Nucleo-64 development board with STM32F411RE MCU},
    Url = {https://www.st.com/en/evaluation-tools/nucleo-f411re.html},
    Year = {2017}
}

@online{Two,
    Author = {{STMicroelectronics}},
    Title = {Dual full-bridge driver},
    Url = {https://www.st.com/en/motor-drivers/l298.html},
    Year = {2000}
}

@online{Three,
    Author = {{Texas Instruments}},
    Title = {LM2596 SIMPLE SWITCHERÂ® 4.5V to 40V, 3A Low Component Count Step-Down Regulator},
    Url = {https://www.ti.com/product/LM2596},
    Year = {2021}
}

@article{Bluetooth_Overview,
  title={An overview of the Bluetooth wireless technology},
  author={Chatschik Bisdikian},
  journal={IEEE Commun. Mag.},
  year={2001},
  volume={39},
  pages={86-94}
}

@online{HC05_datasheet,
    Author = {{Itead Studio}},
    Title = {Serial Port Bluetooth Module (Master/Slave) : HC-05},
    Url = {https://wiki.iteadstudio.com/Serial_Port_Bluetooth_Module_(Master/Slave)_:_HC-05},
    Year = {2017}
}

@online{Ref_servo_mg90s,
    Author = {{Tower Pro}},
    Title = {MG90S digital servo},
    Url = {https://www.towerpro.com.tw/product/mg90s-3/},
    Year = {2014}
}

@article{Five,
    author  = "George D. Greenwadee",
    title   = "The {C}omprehensive {T}ex {A}rchive {N}etwork ({CTAN})",
    year    = "1993",
    journal = "TUGBoat",
    volume  = "14",
    number  = "3",
    pages   = "342--351"
}

